@book{west2004,
  title={{Object Thinking}},
  author={West, David},
  year={2004},
  publisher={{Pearson Education}}
}

@misc{eolang2021,
  title={{EOLANG and Phi-Calculus}},
  author={Bugayenko, Yegor},
  year={2021},
}

@book{zobel2004writing,
  title={{Writing for Computer Science}},
  author={Zobel, Justin},
  year={2004},
  publisher={{Springer}}
}